@article{
An Implementation of the DPLL Algorithm, 
author = {Tanbir Ahmed}, 
title = {An Implementation of the DPLL Algorithm}, 
journal = {Concordia University}, 
year = {2009}
}

@book{
b1, 
author ="张健", 
year="2008", 
title="逻辑公式的可满足性判定—方法、工具及应用", 
publisher ="科学出版社" 
}